<?xml version="1.0" encoding="UTF-8"?><collection xmlns="http://www.loc.gov/MARC21/slim"><record><leader>00416nam--2200133-i-4500</leader><controlfield tag="001">000030219</controlfield><controlfield tag="002">20161230</controlfield><controlfield tag="005">20161230201038</controlfield><controlfield tag="008">060222s1000------------r-----000-0-eng-d</controlfield><datafield ind1=" " ind2=" " tag="245"><subfield code="a">Small-scale equipment for chemical engineering laboratories</subfield></datafield><datafield ind1=" " ind2=" " tag="260"><subfield code="a">New York, American Institute Of Chemical Engineers, 1967. 69p</subfield></datafield><datafield ind1=" " ind2=" " tag="490"><subfield code="a">Chemical Engineering Progress Symposium Series</subfield></datafield><datafield ind1=" " ind2=" " tag="700"><subfield code="a">Maddox, R.N</subfield></datafield><datafield ind1=" " ind2=" " tag="852"><subfield code="a">10950</subfield></datafield></record></collection>